@book{ meuatalho, 
title="Aqui vem o titulo", 
author="Nome do Autor", 
publisher="Nome da Editora", 
address="Cidade", 
year="2020"
}
@article{ meuartigo, 
title="Aqui vem o titulo", 
author="Nome do Autor", 
journal="Revista A",  
year="2015"
}